<record><leader>00000cas a2200000 a 4500</leader><controlfield tag="001">14563407</controlfield><controlfield tag="008">861029d186218uuiauwr ne      0    0eng c</controlfield><datafield ind1=" " ind2=" " tag="010"><subfield code="a">sn 86061161 </subfield></datafield><datafield ind1=" " ind2=" " tag="040"><subfield code="a">INP</subfield><subfield code="b">eng</subfield><subfield code="c">INP</subfield><subfield code="d">NPX</subfield><subfield code="d">INP</subfield><subfield code="d">NVF</subfield><subfield code="d">CVF</subfield><subfield code="d">OCLCQ</subfield></datafield><datafield ind1=" " ind2=" " tag="042"><subfield code="a">pcc</subfield></datafield><datafield ind1="0" ind2=" " tag="130"><subfield code="a">Dubuque weekly times (Dubuque, Iowa : 1862)</subfield></datafield><datafield ind1="1" ind2="4" tag="245"><subfield code="a">The Dubuque weekly times.</subfield></datafield><datafield ind1="1" ind2="3" tag="246"><subfield code="a">Weekly times</subfield><subfield code="f">&lt;Mar. 27, 1862&gt;</subfield></datafield><datafield ind1=" " ind2=" " tag="260"><subfield code="a">Dubuque, Iowa :</subfield><subfield code="b">G.T. Stewart,</subfield><subfield code="c">1862-</subfield></datafield><datafield ind1=" " ind2=" " tag="300"><subfield code="a">v. :</subfield><subfield code="b">ill. ;</subfield><subfield code="c">55-69 cm.</subfield></datafield><datafield ind1=" " ind2=" " tag="310"><subfield code="a">Weekly</subfield></datafield><datafield ind1="0" ind2=" " tag="362"><subfield code="a">Vol. 6, no. 1 (Jan. 6, 1862)- = Whole no. 234-</subfield></datafield><datafield ind1=" " ind2=" " tag="580"><subfield code="a">Daily eds.: Dubuque daily times (Dubuque, Iowa : 1862), 1862-&lt;1881&gt;, and: Dubuque times (Dubuque, Iowa : 1882), 1882-1885, and: Dubuque daily times (Dubuque, Iowa : 1885), 1885-1889.</subfield></datafield><datafield ind1=" " ind2=" " tag="580"><subfield code="a">Semiweekly ed.: Dubuque semi-weekly times, 1862-1867.</subfield></datafield><datafield ind1=" " ind2=" " tag="752"><subfield code="a">United States</subfield><subfield code="b">Iowa</subfield><subfield code="c">Dubuque</subfield><subfield code="d">Dubuque.</subfield></datafield><datafield ind1="1" ind2=" " tag="775"><subfield code="t">Dubuque daily times (Dubuque, Iowa : 1862)</subfield><subfield code="w">(DLC)sn 84027133</subfield></datafield><datafield ind1="1" ind2=" " tag="775"><subfield code="t">Dubuque times (Dubuque, Iowa : 1882)</subfield><subfield code="w">(DLC)sn 86061166</subfield></datafield><datafield ind1="1" ind2=" " tag="775"><subfield code="t">Dubuque daily times (Dubuque, Iowa : 1885)</subfield><subfield code="w">(DLC)sn 86061167</subfield></datafield><datafield ind1="1" ind2=" " tag="775"><subfield code="t">Dubuque semi-weekly times</subfield><subfield code="w">(DLC)sn 83025162</subfield></datafield><datafield ind1="0" ind2="0" tag="780"><subfield code="t">Weekly times (Dubuque, Iowa : 1858)</subfield><subfield code="w">(DLC)sn 84027134</subfield></datafield><datafield ind1="0" ind2="0" tag="785"><subfield code="t">Weekly times (Dubuque, Iowa : 1891)</subfield><subfield code="w">(DLC)sn 86061162</subfield></datafield></record>